<?xml version="1.0" encoding="UTF-8"?><collection xmlns="http://www.loc.gov/MARC21/slim"><record><leader>00000nam a2200289 a 4500</leader><controlfield tag="001">9915765973607426</controlfield><controlfield tag="008">||||||e20160314|||||||||||||||||||||||||||</controlfield><datafield ind1="7" ind2=" " tag="024"><subfield code="a">10.1111/j.1467-789X.2009.00647.x</subfield><subfield code="2">doi</subfield></datafield><datafield ind1="1" ind2=" " tag="100"><subfield code="a">Vioque, J.</subfield><subfield code="e">author</subfield></datafield><datafield ind1="1" ind2="2" tag="245"><subfield code="a">A bibliometric study of scientific literature on obesity research in PubMed (1988-2007)</subfield></datafield><datafield ind1=" " ind2=" " tag="300"><subfield code="a">p.603-611</subfield></datafield><datafield ind1=" " ind2=" " tag="520"><subfield code="a">This article describes a bibliometric review of the     publications on obesity research in PubMed over the last 20 years. We     used Medline via the PubMed online service of the US National Library of     Medicine from 1988 to 2007. The search strategy was: ([obesity] in MesH).     A total of 58 325 references were retrieved, 25.5% in 1988-1997, and 74.5%     in 1998-2007. The growth in the number of publications showed an      exponential increase. The references were published in 3613 different      journals, with 20 journals contributing 25% of obesity literature. The      two journals contributing most were the International Journal of Obesity      (5.1%), Obesity-Obesity Research (2.9%). North America and Europe were      the most productive world areas with 44.1% and 37.9% of the literature,      respectively. The US was the predominant country in number of      publications, followed by the United Kingdom, Japan and Italy. The      ranking of production changed when the number of publications was      normalized by population, gross domestic product and obesity prevalence      by countries. The great increase of publications on obesity during the      period 1988-2007 was particularly evident in the second decade of the      period which is concordant with the worldwide obesity epidemic. USA and      Europe were leaders in the production of scientific articles on obesity.</subfield></datafield><datafield ind1=" " ind2="3" tag="650"><subfield code="a">Obesity</subfield></datafield><datafield ind1=" " ind2="3" tag="650"><subfield code="a">National Library of Medicine</subfield></datafield><datafield ind1=" " ind2="3" tag="650"><subfield code="a">gross domestic product</subfield></datafield><datafield ind1=" " ind2="2" tag="650"><subfield code="a">Bibliometrics</subfield></datafield><datafield ind1=" " ind2="2" tag="650"><subfield code="a">Biomedical Research</subfield></datafield><datafield ind1=" " ind2="2" tag="650"><subfield code="a">Humans</subfield></datafield><datafield ind1=" " ind2="2" tag="650"><subfield code="a">MEDLINE</subfield></datafield><datafield ind1=" " ind2="2" tag="650"><subfield code="a">Obesity</subfield></datafield><datafield ind1=" " ind2="2" tag="650"><subfield code="a">PubMed</subfield></datafield><datafield ind1=" " ind2="3" tag="651"><subfield code="a">Italy</subfield></datafield><datafield ind1=" " ind2="3" tag="651"><subfield code="a">Japan</subfield></datafield><datafield ind1=" " ind2="3" tag="651"><subfield code="a">United Kingdom</subfield></datafield><datafield ind1=" " ind2="3" tag="651"><subfield code="a">United States</subfield></datafield><datafield ind1=" " ind2=" " tag="653"><subfield code="a">literature reviews</subfield></datafield><datafield ind1=" " ind2=" " tag="653"><subfield code="a">Bibliometry</subfield></datafield><datafield ind1="1" ind2=" " tag="700"><subfield code="a">Ramos, J.M.</subfield><subfield code="e">author</subfield></datafield><datafield ind1="1" ind2=" " tag="700"><subfield code="a">Navarrete-Muñoz, E.M.</subfield><subfield code="e">author</subfield></datafield><datafield ind1="1" ind2=" " tag="700"><subfield code="a">García-de-la-Hera, M.</subfield><subfield code="e">author</subfield></datafield><datafield ind1="0" ind2=" " tag="773"><subfield code="t">Obesity reviews. </subfield><subfield code="x">1467-7881</subfield><subfield code="g">2016 March., Vol. 11, no. 8 p.603-611</subfield><subfield code="w">Journal:jnl3949851</subfield></datafield><datafield ind1="4" ind2="0" tag="856"><subfield code="u">http://dx.doi.org/10.1111/j.1467-789X.2009.00647.x</subfield></datafield><datafield ind1=" " ind2=" " tag="914"><subfield code="b">1467-7881</subfield><subfield code="c">11</subfield><subfield code="d">8</subfield><subfield code="e">p.603-611</subfield><subfield code="a">Journal:jnl3949851</subfield></datafield></record></collection>